[
    {
        "titulo": "Aceite de girasol Carrefour Classic' 1 l.",
        "precio": "2,14 €",
        "img": "https://static.carrefour.es/hd_350x_/img_pim_food/277385_00_1.jpg",
        "tienda": "CARREFOUR"
    },
    {
        "titulo": "Aceite de oliva suave 0,4º Carrefour 1 l.",
        "precio": "4,75 €",
        "img": "https://static.carrefour.es/hd_350x_/img_pim_food/128215_00_1.jpg",
        "tienda": "CARREFOUR"
    },
    {
        "titulo": "Aceite de oliva virgen extra Carrefour 1 l.",
        "precio": "5,99 €",
        "img": "https://static.carrefour.es/hd_350x_/img_pim_food/471213_00_1.jpg",
        "tienda": "CARREFOUR"
    },
    {
        "titulo": "Aceite de girasol para freír Carrefour garrafa 5 l.",
        "precio": "9,89 €",
        "img": "https://static.carrefour.es/hd_350x_/img_pim_food/277575_00_1.jpg",
        "tienda": "CARREFOUR"
    },
    {
        "titulo": "Vinagre de vino blanco Carrefour 1 l.",
        "precio": "0,65 €",
        "img": "https://static.carrefour.es/hd_350x_/img_pim_food/184914_00_1.jpg",
        "tienda": "CARREFOUR"
    },
    {
        "titulo": "Aceite de oliva suave 0,4º Carrefour garrafón 5 l.",
        "precio": "23,60 €",
        "img": "https://static.carrefour.es/hd_350x_/img_pim_food/128220_00_1.jpg",
        "tienda": "CARREFOUR"
    },
    {
        "titulo": "Aceite de oliva virgen extra Maestros de Hojiblanca 1 l.",
        "precio": "9,30 € 8,89 €",
        "img": "https://static.carrefour.es/hd_350x_/img_pim_food/113505_00_1.jpg",
        "tienda": "CARREFOUR"
    },
    {
        "titulo": "Aceite de oliva virgen extra Carrefour spray 200 ml.",
        "precio": "2,05 €",
        "img": "https://static.carrefour.es/hd_350x_/img_pim_food/179213_00_1.jpg",
        "tienda": "CARREFOUR"
    },
    {
        "titulo": "Aceite de oliva intenso 1º Carrefour 1 l.",
        "precio": "4,75 €",
        "img": "https://static.carrefour.es/hd_350x_/img_pim_food/128222_00_1.jpg",
        "tienda": "CARREFOUR"
    },
    {
        "titulo": "Vinagre de manzana Carrefour 1 l.",
        "precio": "0,82 €",
        "img": "https://static.carrefour.es/hd_350x_/img_pim_food/607296_00_1.jpg",
        "tienda": "CARREFOUR"
    },
    {
        "titulo": "Aceite de oliva virgen extra Aromas del Sur 5 l.",
        "precio": "26,55 €",
        "img": "https://static.carrefour.es/hd_350x_/img_pim_food/596057_00_1.jpg",
        "tienda": "CARREFOUR"
    },
    {
        "titulo": "Aceite de oliva virgen extra Carrefour garrafa 5 l.",
        "precio": "29,49 €",
        "img": "https://static.carrefour.es/hd_350x_/img_pim_food/471214_00_1.jpg",
        "tienda": "CARREFOUR"
    },
    {
        "titulo": "Aceite de oliva virgen extra hojiblanca Coosur 1 l.",
        "precio": "9,10 € 8,69 €",
        "img": "https://static.carrefour.es/hd_350x_/img_pim_food/543824_00_1.jpg",
        "tienda": "CARREFOUR"
    },
    {
        "titulo": "Vinagre balsámico de módena Carrefour 500 ml.",
        "precio": "1,95 €",
        "img": "https://static.carrefour.es/hd_350x_/img_pim_food/578567_00_1.jpg",
        "tienda": "CARREFOUR"
    },
    {
        "titulo": "Aceite de oliva suave 0,4º Carbonell 1 l.",
        "precio": "8,75 € 8,30 €",
        "img": "https://static.carrefour.es/hd_350x_/img_pim_food/000013_00_1.jpg",
        "tienda": "CARREFOUR"
    },
    {
        "titulo": "Aceite de oliva intenso 1º Carrefour garrafa 5 l.",
        "precio": "23,60 €",
        "img": "https://static.carrefour.es/hd_350x_/img_pim_food/128225_00_1.jpg",
        "tienda": "CARREFOUR"
    },
    {
        "titulo": "Aderezo de limón exprimido Carrefour 250 ml.",
        "precio": "0,85 €",
        "img": "https://static.carrefour.es/hd_350x_/img_pim_food/331242_00_1.jpg",
        "tienda": "CARREFOUR"
    },
    {
        "titulo": "Aceite de oliva virgen Carbonell 1 l.",
        "precio": "8,75 € 8,35 €",
        "img": "https://static.carrefour.es/hd_350x_/img_pim_food/659365_00_1.jpg",
        "tienda": "CARREFOUR"
    },
    {
        "titulo": "Aceite de girasol Coosol 1 l.",
        "precio": "3,65 € 3,29 €",
        "img": "https://static.carrefour.es/hd_350x_/img_pim_food/000018_00_1.jpg",
        "tienda": "CARREFOUR"
    },
    {
        "titulo": "Aceite de girasol Koipe Sol 1 l.",
        "precio": "3,75 €",
        "img": "https://static.carrefour.es/hd_350x_/img_pim_food/000020_00_1.jpg",
        "tienda": "CARREFOUR"
    },
    {
        "titulo": "Aceite de oliva virgen extra arbequina Coosur 1 l.",
        "precio": "9,10 € 8,69 €",
        "img": "https://static.carrefour.es/hd_350x_/img_pim_food/543829_00_1.jpg",
        "tienda": "CARREFOUR"
    },
    {
        "titulo": "Aceite de oliva virgen extra intenso Coosur 1 l.",
        "precio": "9,10 € 8,69 €",
        "img": "https://static.carrefour.es/hd_350x_/img_pim_food/543813_00_1.jpg",
        "tienda": "CARREFOUR"
    },
    {
        "titulo": "Aceite de oliva virgen extra ecológico Carrefour Bio 500 ml.",
        "precio": "3,49 €",
        "img": "https://static.carrefour.es/hd_350x_/img_pim_food/447877_00_1.jpg",
        "tienda": "CARREFOUR"
    },
    {
        "titulo": "Aceite de orujo de oliva 1 l.",
        "precio": "3,35 €",
        "img": "https://static.carrefour.es/hd_350x_/img_pim_food/831787_00_1.jpg",
        "tienda": "CARREFOUR"
    },
    {
        "titulo": "Aceite de oliva 0,4º Hacendado Garrafa 5 L",
        "precio": "23,63 €",
        "img": "https://prod-mercadona.imgix.net/images/e4b36f433aaac707ef847aa4672b6f4f.jpg?fit=crop&h=300&w=300",
        "tienda": "MERCADONA"
    },
    {
        "titulo": "Aceite de oliva 0,4º Hacendado Botella 1 L",
        "precio": "4,77 €",
        "img": "https://prod-mercadona.imgix.net/images/4987e73b0b803deec7201434d6ed1361.jpg?fit=crop&h=300&w=300",
        "tienda": "MERCADONA"
    },
    {
        "titulo": "Aceite de oliva virgen extra Hacendado Garrafa 3 L",
        "precio": "16,75 €",
        "img": "https://prod-mercadona.imgix.net/images/95ecf2c4b2b025e5ca5e151f24a64cf7.jpg?fit=crop&h=300&w=300",
        "tienda": "MERCADONA"
    },
    {
        "titulo": "Aceite de oliva virgen extra Hacendado Botella 1 L",
        "precio": "5,63 €",
        "img": "https://prod-mercadona.imgix.net/images/1b248d87e0c94aef037a941361b2d0ed.jpg?fit=crop&h=300&w=300",
        "tienda": "MERCADONA"
    },
    {
        "titulo": "Aceite de oliva virgen extra Hacendado Gran Selección Botella 750 ml",
        "precio": "5,11 €",
        "img": "https://prod-mercadona.imgix.net/images/ca971ebf519d62b535e1d0ad05ebd394.jpg?fit=crop&h=300&w=300",
        "tienda": "MERCADONA"
    },
    {
        "titulo": "Aceite de oliva 1º Hacendado Garrafa 5 L",
        "precio": "23,63 €",
        "img": "https://prod-mercadona.imgix.net/images/0e8c6ffe13152128e920338c84ae1b20.jpg?fit=crop&h=300&w=300",
        "tienda": "MERCADONA"
    },
    {
        "titulo": "Aceite de oliva 1º Hacendado Botella 1 L",
        "precio": "4,77 €",
        "img": "https://prod-mercadona.imgix.net/images/f6765c089045414afbdedd90193e0206.jpg?fit=crop&h=300&w=300",
        "tienda": "MERCADONA"
    },
    {
        "titulo": "Aceite de oliva virgen Hacendado Garrafa 3 L",
        "precio": "15,18 €",
        "img": "https://prod-mercadona.imgix.net/images/e58a263f9514576e38a96724b3104f9b.jpg?fit=crop&h=300&w=300",
        "tienda": "MERCADONA"
    },
    {
        "titulo": "Aceite de oliva virgen Hacendado Botella 1 L",
        "precio": "5,20 €",
        "img": "https://prod-mercadona.imgix.net/images/7a14986c6a536dcd485b8bb8b8e24e33.jpg?fit=crop&h=300&w=300",
        "tienda": "MERCADONA"
    },
    {
        "titulo": "Aceite de oliva virgen extra Hacendado Spray 200 ml",
        "precio": "2,34 €",
        "img": "https://prod-mercadona.imgix.net/images/2dd497b89f607de5efde08d7b1585888.jpg?fit=crop&h=300&w=300",
        "tienda": "MERCADONA"
    },
    {
        "titulo": "Aceite de oliva virgen extra Picual Casa Juncal Botella 500 ml",
        "precio": "4,68 €",
        "img": "https://prod-mercadona.imgix.net/images/3269cf8fa758e44f8d3006807c23a16f.jpg?fit=crop&h=300&w=300",
        "tienda": "MERCADONA"
    },
    {
        "titulo": "Aceite de girasol refinado 0,2º Hacendado Garrafa 5 L",
        "precio": "9,90 €",
        "img": "https://prod-mercadona.imgix.net/images/cebeaceb5dc29a1402256f693cd69829.jpg?fit=crop&h=300&w=300",
        "tienda": "MERCADONA"
    },
    {
        "titulo": "Aceite de girasol refinado 0,2º Hacendado Botella 1 L",
        "precio": "2,15 €",
        "img": "https://prod-mercadona.imgix.net/images/c5c963deca8cbcc089eece91f032f977.jpg?fit=crop&h=300&w=300",
        "tienda": "MERCADONA"
    },
    {
        "titulo": "Aceite de coco virgen Hacendado Bote 450 ml",
        "precio": "4,50 €",
        "img": "https://prod-mercadona.imgix.net/images/4b73d0063a13ed91219d84e7dd70d22d.jpg?fit=crop&h=300&w=300",
        "tienda": "MERCADONA"
    },
    {
        "titulo": "Vinagre de vino blanco Hacendado Botella 1 L",
        "precio": "0,55 €",
        "img": "https://prod-mercadona.imgix.net/images/800b96661c0001f45cebc3ee12a4709a.jpg?fit=crop&h=300&w=300",
        "tienda": "MERCADONA"
    },
    {
        "titulo": "Vinagre balsámico de Módena Hacendado Botella 250 ml",
        "precio": "1,10 €",
        "img": "https://prod-mercadona.imgix.net/images/6e6409e684f3c6c7834554ed3933b9a2.jpg?fit=crop&h=300&w=300",
        "tienda": "MERCADONA"
    },
    {
        "titulo": "Vinagre de manzana Hacendado Botella 1 L",
        "precio": "0,70 €",
        "img": "https://prod-mercadona.imgix.net/images/98d5a34a0d30798bbdc520993f63e542.jpg?fit=crop&h=300&w=300",
        "tienda": "MERCADONA"
    },
    {
        "titulo": "Limón exprimido Hacendado Botella 280 ml",
        "precio": "0,95 €",
        "img": "https://prod-mercadona.imgix.net/images/802d61bae30f424fa8315698f9f245db.jpg?fit=crop&h=300&w=300",
        "tienda": "MERCADONA"
    },
    {
        "titulo": "Crema de vinagre balsámico de Módena Hacendado Botella 250 g",
        "precio": "1,60 €",
        "img": "https://prod-mercadona.imgix.net/images/d23cb7535fe0a9e9e053713faff31b93.jpg?fit=crop&h=300&w=300",
        "tienda": "MERCADONA"
    },
    {
        "titulo": "Vinagre de Jerez reserva Hacendado Botella 250 ml",
        "precio": "1,60 €",
        "img": "https://prod-mercadona.imgix.net/images/bfa0c4aabf80adf4cd9a390df6aa7184.jpg?fit=crop&h=300&w=300",
        "tienda": "MERCADONA"
    },
    {
        "titulo": "Bebida aromatizada a base de vino para cocinar Abuela Carola Botella 750 ml",
        "precio": "2,25 €",
        "img": "https://prod-mercadona.imgix.net/images/26999f3c12b8c4fccdc79f2ebabf3228.jpg?fit=crop&h=300&w=300",
        "tienda": "MERCADONA"
    },
    {
        "titulo": "Vinagre de vino tinto Hacendado Botella 1 L",
        "precio": "0,95 €",
        "img": "https://prod-mercadona.imgix.net/images/fb5cf74e1fa94ca426ccb18936b31dc7.jpg?fit=crop&h=300&w=300",
        "tienda": "MERCADONA"
    },
    {
        "titulo": "Reducción de vinagre Pedro Ximénez Hacendado Botella 300 g",
        "precio": "2,15 €",
        "img": "https://prod-mercadona.imgix.net/images/0f2f3566dedc310f8330782da97cff7b.jpg?fit=crop&h=300&w=300",
        "tienda": "MERCADONA"
    },
    {
        "titulo": "Aceite de oliva, vinagre y sal Merry 15 monodosis x 10 ml",
        "precio": "2,00 €",
        "img": "https://prod-mercadona.imgix.net/images/76415f87b3e97c28177c7d42b0beac62.jpg?fit=crop&h=300&w=300",
        "tienda": "MERCADONA"
    },
    {
        "titulo": "Crema de vinagre balsámico de manzana Hacendado Botella 250 g",
        "precio": "2,70 €",
        "img": "https://prod-mercadona.imgix.net/images/0746c9997630504c31cf7466af93e815.jpg?fit=crop&h=300&w=300",
        "tienda": "MERCADONA"
    },
    {
        "titulo": "Aliño viandox Knorr Botella 160 ml",
        "precio": "3,05 €",
        "img": "https://prod-mercadona.imgix.net/images/7cd70d0a2282df53340c39dc2b15d80f.jpg?fit=crop&h=300&w=300",
        "tienda": "MERCADONA"
    },
    {
        "titulo": "Sal fina Hacendado Paquete 1 kg",
        "precio": "0,30 €",
        "img": "https://prod-mercadona.imgix.net/images/7873137d1afe44deeb4fff285430438f.jpg?fit=crop&h=300&w=300",
        "tienda": "MERCADONA"
    },
    {
        "titulo": "Sal fina de mesa Hacendado Bote 250 g",
        "precio": "0,50 €",
        "img": "https://prod-mercadona.imgix.net/images/d9e82bacee73e9b91d61db5663bbe81a.jpg?fit=crop&h=300&w=300",
        "tienda": "MERCADONA"
    },
    {
        "titulo": "Sal yodada fina Hacendado Paquete 1 kg",
        "precio": "0,30 €",
        "img": "https://prod-mercadona.imgix.net/images/b51e049cd084875118ba92af2358efc4.jpg?fit=crop&h=300&w=300",
        "tienda": "MERCADONA"
    },
    {
        "titulo": "Sal gruesa Hacendado Paquete 1 kg",
        "precio": "0,30 €",
        "img": "https://prod-mercadona.imgix.net/images/a81a22fc505bece2f093574d3486204a.jpg?fit=crop&h=300&w=300",
        "tienda": "MERCADONA"
    },
    {
        "titulo": "Bicarbonato sódico Hacendado Paquete 1 kg",
        "precio": "1,50 €",
        "img": "https://prod-mercadona.imgix.net/images/ed1ebfa8c76af67dc21a385de31fc778.jpg?fit=crop&h=300&w=300",
        "tienda": "MERCADONA"
    },
    {
        "titulo": "Bicarbonato sódico Hacendado Bote 300 g",
        "precio": "1,10 €",
        "img": "https://prod-mercadona.imgix.net/images/f9ae0f4b0970e8356b7834aec85514f6.jpg?fit=crop&h=300&w=300",
        "tienda": "MERCADONA"
    },
    {
        "titulo": "Sal marina en escamas Polasal Bote 125 g",
        "precio": "1,95 €",
        "img": "https://prod-mercadona.imgix.net/images/36bc3658a807997961ec5fda23dd948e.jpg?fit=crop&h=300&w=300",
        "tienda": "MERCADONA"
    },
    {
        "titulo": "Sal gruesa para hornear Hacendado Paquete 2 kg",
        "precio": "0,95 €",
        "img": "https://prod-mercadona.imgix.net/images/07c7c790c661903662af0cd70e1f05b2.jpg?fit=crop&h=300&w=300",
        "tienda": "MERCADONA"
    },
    {
        "titulo": "Sal de ajo Hacendado Bote 130 g",
        "precio": "1,75 €",
        "img": "https://prod-mercadona.imgix.net/images/bd81680a3655bf89428f333254f34979.jpg?fit=crop&h=300&w=300",
        "tienda": "MERCADONA"
    },
    {
        "titulo": "Sal de frutas sabor limón Hacendado Bote 250 g",
        "precio": "2,00 €",
        "img": "https://prod-mercadona.imgix.net/images/5ba4d62436d14a7cc28378beb8629a46.jpg?fit=crop&h=300&w=300",
        "tienda": "MERCADONA"
    },
    {
        "titulo": "Sal 60% menos de sodio Hacendado Bote 250 g",
        "precio": "2,10 €",
        "img": "https://prod-mercadona.imgix.net/images/94a6e7709ae88d33abaf61dc7bfaec2a.jpg?fit=crop&h=300&w=300",
        "tienda": "MERCADONA"
    },
    {
        "titulo": "Preparado para salmón ahumado Hacendado Bote 750 g",
        "precio": "3,30 €",
        "img": "https://prod-mercadona.imgix.net/images/029c3c8e49b1d8f5bccae5a4c6283d47.jpg?fit=crop&h=300&w=300",
        "tienda": "MERCADONA"
    },
    {
        "titulo": "Sal rosa del Himalaya Hacendado Bote 250 g",
        "precio": "1,80 €",
        "img": "https://prod-mercadona.imgix.net/images/991e60bbdb74fba917c9e25a05d2ab78.jpg?fit=crop&h=300&w=300",
        "tienda": "MERCADONA"
    },
    {
        "titulo": "LA ESPAÑOLA aceite de oliva suave botella 1 lt",
        "precio": "7,95 €",
        "img": "https://s2.dia.es/medias/productimages/ha8/h70/10676496629790.jpg",
        "tienda": "DIA"
    },
    {
        "titulo": "DIA ALMAZARA DEL OLIVAR aceite de orujo de oliva botella 1 lt",
        "precio": "3,71 €",
        "img": "https://s2.dia.es/medias/h2e/h36/10661489639454.jpg",
        "tienda": "DIA"
    },
    {
        "titulo": "DIASOL aceite refinado de girasol botella 1 lt",
        "precio": "2,25 €",
        "img": "https://s0.dia.es/medias/productimages/hc1/hb1/10815694667806.jpg",
        "tienda": "DIA"
    },
    {
        "titulo": "DIA ALMAZARA DEL OLIVAR aceite de oliva suave botella 1 lt",
        "precio": "4,76 €",
        "img": "https://s3.dia.es/medias/productimages/he4/hd1/10724290527262.jpg",
        "tienda": "DIA"
    },
    {
        "titulo": "DIA ALMAZARA DEL OLIVAR aceite de oliva intenso botella 1 lt",
        "precio": "4,76 €",
        "img": "https://s0.dia.es/medias/productimages/hbb/hb1/10840123637790.jpg",
        "tienda": "DIA"
    },
    {
        "titulo": "KOIPE Sol aceite girasol botella 1 lt",
        "precio": "2,86 €",
        "img": "https://s3.dia.es/medias/h47/he5/11348860305438.jpg",
        "tienda": "DIA"
    },
    {
        "titulo": "ALIÑA TU DIA vinagre de vino blanco botella 1 lt",
        "precio": "0,62 €",
        "img": "https://s3.dia.es/medias/h96/hb1/10521861980190.jpg",
        "tienda": "DIA"
    },
    {
        "titulo": "LA MASIA aceite de oliva intenso botella 1lt",
        "precio": "5,72 €",
        "img": "https://s0.dia.es/medias/productimages/ha5/h5e/10683821883422.jpg",
        "tienda": "DIA"
    },
    {
        "titulo": "ALIÑA TU DIA aderezo de limón botella 50 cl",
        "precio": "0,99 €",
        "img": "https://s0.dia.es/medias/h29/h2e/10399968296990.jpg",
        "tienda": "DIA"
    },
    {
        "titulo": "LA MASIA aceite de oliva suave botella 1lt",
        "precio": "5,72 €",
        "img": "https://s3.dia.es/medias/productimages/h00/hf7/10683822866462.jpg",
        "tienda": "DIA"
    },
    {
        "titulo": "DIASOL aceite refinado de girasol garrafa 5 lt",
        "precio": "10,74 €",
        "img": "https://s2.dia.es/medias/productimages/h75/h55/10815698927646.jpg",
        "tienda": "DIA"
    },
    {
        "titulo": "DIA ALMAZARA DEL OLIVAR aceite de oliva suave garrafa 5 lt",
        "precio": "23,63 €",
        "img": "https://s1.dia.es/medias/productimages/hbd/he3/10722661138462.jpg",
        "tienda": "DIA"
    },
    {
        "titulo": "HOJIBLANCA aceite de oliva virgen extra botella 1 lt",
        "precio": "8,89 €",
        "img": "https://s0.dia.es/medias/productimages/hd2/hd8/11362162376734.jpg",
        "tienda": "DIA"
    },
    {
        "titulo": "ALIÑA TU DIA vinagre de manzana botella 1 lt",
        "precio": "0,70 €",
        "img": "https://s0.dia.es/medias/hab/ha9/10521861652510.jpg",
        "tienda": "DIA"
    },
    {
        "titulo": "COOSUR aceite de oliva virgen extra hojiblanca botella 1 lt",
        "precio": "8,69 €",
        "img": "https://s1.dia.es/medias/productimages/hef/h3a/10677065744414.jpg",
        "tienda": "DIA"
    },
    {
        "titulo": "DIA SELECCIÓN MUNDIAL vinagre balsámico de módena botella 50 cl",
        "precio": "2,20 €",
        "img": "https://s1.dia.es/medias/productimages/hb8/h22/10807412981790.jpg",
        "tienda": "DIA"
    },
    {
        "titulo": "DIA ALMAZARA DEL OLIVAR aceite oliva garrafa 5 lt",
        "precio": "23,63 €",
        "img": "https://s0.dia.es/medias/productimages/hef/h1b/10722664087582.jpg",
        "tienda": "DIA"
    },
    {
        "titulo": "ALIÑA TU DIA crema vinagre de módena botella 25 cl",
        "precio": "1,99 €",
        "img": "https://s2.dia.es/medias/h5f/ha0/10572430704670.jpg",
        "tienda": "DIA"
    },
    {
        "titulo": "DIA ALMAZARA DEL OLIVAR aceite de oliva virgen extra botella 1 lt",
        "precio": "5,63 €",
        "img": "https://s3.dia.es/medias/productimages/hbe/h0a/10713178112030.jpg",
        "tienda": "DIA"
    },
    {
        "titulo": "CARBONELL aceite de oliva extra virgen botella 750 ml",
        "precio": "7,15 €",
        "img": "https://s0.dia.es/medias/productimages/hd7/h38/11349021982750.jpg",
        "tienda": "DIA"
    },
    {
        "titulo": "CARBONELL aceite oliva virgen botella 1 lt",
        "precio": "8,35 €",
        "img": "https://s1.dia.es/medias/productimages/hc4/hc6/11363289038878.jpg",
        "tienda": "DIA"
    },
    {
        "titulo": "CAPRICHO ANDALUZ set aliño aceite de oliva y vinagre bolsa 5+5 uds",
        "precio": "1,89 €",
        "img": "https://s0.dia.es/medias/h1d/h2d/10219624431646.jpg",
        "tienda": "DIA"
    },
    {
        "titulo": "BORGES vinagre balsámico de módena botella 250 ml",
        "precio": "2,19 €",
        "img": "https://s1.dia.es/medias/productimages/h99/h1e/10683779940382.jpg",
        "tienda": "DIA"
    },
    {
        "titulo": "CARBONELL aceite de oliva virgen extra botella 1 lt",
        "precio": "8,59 €",
        "img": "https://s0.dia.es/medias/productimages/hd8/h1b/11363288711198.jpg",
        "tienda": "DIA"
    },
    {
        "titulo": "Sofrito de Tomate Cebolla Frasco 350 Gr",
        "precio": "2,25 €",
        "img": "https://cdn-consum.aktiosdigitalservices.com/tol/consum/media/product/img/135x135/7082142_001.jpg?t=20220823040001",
        "tienda": "CONSUM"
    },
    {
        "titulo": "Tomate Frito Receta Tradicional Frasco 300 Gr",
        "precio": "1,60 €",
        "img": "https://cdn-consum.aktiosdigitalservices.com/tol/consum/media/product/img/135x135/7224546_001.jpg?t=20220723040002",
        "tienda": "CONSUM"
    },
    {
        "titulo": "Allioli Mortero 180 ml",
        "precio": "1,35 €",
        "img": "https://cdn-consum.aktiosdigitalservices.com/tol/consum/media/product/img/135x135/3233954_001.jpg?t=20230201040004",
        "tienda": "CONSUM"
    },
    {
        "titulo": "Tomate Triturado Lata 800 Gr",
        "precio": "0,95 €",
        "img": "https://cdn-consum.aktiosdigitalservices.com/tol/consum/media/product/img/135x135/7029213_001.jpg?t=20220520040003",
        "tienda": "CONSUM"
    },
    {
        "titulo": "Sardinillas en Aceite de Oliva Lata 60 Gr",
        "precio": "1,25 €",
        "img": "https://cdn-consum.aktiosdigitalservices.com/tol/consum/media/product/img/135x135/7043719_001.jpg?t=20200711083003",
        "tienda": "CONSUM"
    },
    {
        "titulo": "Sardinas en Aceite Oliva Lata 84 Gr",
        "precio": "1,35 €",
        "img": "https://cdn-consum.aktiosdigitalservices.com/tol/consum/media/product/img/135x135/7043735_001.jpg?t=20200711083003",
        "tienda": "CONSUM"
    },
    {
        "titulo": "Salsa Picante Louisiana 110 Gr",
        "precio": "1,29 €",
        "img": "https://cdn-consum.aktiosdigitalservices.com/tol/consum/media/product/img/135x135/7044378_001.jpg?t=20200904083004",
        "tienda": "CONSUM"
    },
    {
        "titulo": "Sardinillas Picantes Lata 60 Gr",
        "precio": "0,85 €",
        "img": "https://cdn-consum.aktiosdigitalservices.com/tol/consum/media/product/img/135x135/7046050_001.jpg?t=20200711083003",
        "tienda": "CONSUM"
    },
    {
        "titulo": "Vinagre Balsámico de Módena 0,25 L",
        "precio": "1,30 €",
        "img": "https://cdn-consum.aktiosdigitalservices.com/tol/consum/media/product/img/135x135/7050680_001.jpg?t=20200715083003",
        "tienda": "CONSUM"
    },
    {
        "titulo": "Piña en su Jugo Pack de 3 3 x 136 Gr",
        "precio": "2,55 €",
        "img": "https://cdn-consum.aktiosdigitalservices.com/tol/consum/media/product/img/135x135/7059426_001.jpg?t=20211201040005",
        "tienda": "CONSUM"
    },
    {
        "titulo": "Canela Molida Tarro 39 Gr",
        "precio": "0,80 €",
        "img": "https://cdn-consum.aktiosdigitalservices.com/tol/consum/media/product/img/135x135/7067622_001.jpg?t=20221201091500",
        "tienda": "CONSUM"
    },
    {
        "titulo": "Perejil Tarro 8 Gr",
        "precio": "0,70 €",
        "img": "https://cdn-consum.aktiosdigitalservices.com/tol/consum/media/product/img/135x135/7067663_001.jpg?t=20220831040002",
        "tienda": "CONSUM"
    },
    {
        "titulo": "Sazonador para Fajita 30 Gr",
        "precio": "1,39 €",
        "img": "https://cdn-consum.aktiosdigitalservices.com/tol/consum/media/product/img/135x135/7072754_001.jpg?t=20211105040003",
        "tienda": "CONSUM"
    },
    {
        "titulo": "Melocotón en Almíbar Lata 480 Gr",
        "precio": "1,90 €",
        "img": "https://cdn-consum.aktiosdigitalservices.com/tol/consum/media/product/img/135x135/7076250_001.jpg?t=20221222040002",
        "tienda": "CONSUM"
    },
    {
        "titulo": "Sal para Horneados Bolsa 2 Kg",
        "precio": "0,79 €",
        "img": "https://cdn-consum.aktiosdigitalservices.com/tol/consum/media/product/img/135x135/7080765_001.jpg?t=20220520040003",
        "tienda": "CONSUM"
    },
    {
        "titulo": "Jugoso al Horno Hierbas Provenzales 34 Gr",
        "precio": "0,99 €",
        "img": "https://cdn-consum.aktiosdigitalservices.com/tol/consum/media/product/img/135x135/7116499_001.jpg?t=20200523083003",
        "tienda": "CONSUM"
    },
    {
        "titulo": "Salsa Fresca de Queso Parmigiano Regiano 180 Gr",
        "precio": "2,40 €",
        "img": "https://cdn-consum.aktiosdigitalservices.com/tol/consum/media/product/img/135x135/7120848_001.jpg?t=20201031083003",
        "tienda": "CONSUM"
    },
    {
        "titulo": "Aceite Oliva Virgen Extra Botella 1 L",
        "precio": "8,89 €",
        "img": "https://cdn-consum.aktiosdigitalservices.com/tol/consum/media/product/img/135x135/880799_001.jpg?t=20220927040002",
        "tienda": "CONSUM"
    },
    {
        "titulo": "Champiñones Enteros Lata 185 Gr",
        "precio": "1,15 €",
        "img": "https://cdn-consum.aktiosdigitalservices.com/tol/consum/media/product/img/135x135/7035579_001.jpg?t=20220915040001",
        "tienda": "CONSUM"
    },
    {
        "titulo": "Salsa Ligera Bocabajo 430 ml",
        "precio": "2,65 €",
        "img": "https://cdn-consum.aktiosdigitalservices.com/tol/consum/media/product/img/135x135/7043214_001.jpg?t=20220527040002",
        "tienda": "CONSUM"
    },
    {
        "titulo": "Tomate frito PRODUCTO ECONÓMICO ALCAMPO brik de 390 g.",
        "precio": "0,47 €\n(1,20 €/Kg)",
        "img": "https://www.alcampo.es/media/h47/ha9/11462558351390.jpg",
        "tienda": "ALCAMPO"
    },
    {
        "titulo": "Tomate frito PRODUCTO ALCAMPO brik de 390 g.",
        "precio": "0,79 €\n(2,02 €/Kg)",
        "img": "https://www.alcampo.es/media/h96/h4c/9758506352670.jpg",
        "tienda": "ALCAMPO"
    },
    {
        "titulo": "Tomate frito PRODUCTO ALCAMPO brik de 3 uds x 210 g.",
        "precio": "1,08 €\n(1,71 €/Kg)",
        "img": "https://www.alcampo.es/media/h13/haf/9645029752862.jpg",
        "tienda": "ALCAMPO"
    },
    {
        "titulo": "Aceite de girasol PRODUCTO ALCAMPO botella de 1 l.",
        "precio": "1,95 €\n(1,95 €/Litro)",
        "img": "https://www.alcampo.es/media/h13/h0c/11845620891678.jpg",
        "tienda": "ALCAMPO"
    },
    {
        "titulo": "Aceite de oliva suave PRODUCTO ALCAMPO 1 l.",
        "precio": "4,76 €\n(4,76 €/Litro)",
        "img": "https://www.alcampo.es/media/hf1/h6f/11972739694622.jpg",
        "tienda": "ALCAMPO"
    },
    {
        "titulo": "Tomate frito ORLANDO brik de 3 uds x 350 g.",
        "precio": "2,49 €\n(2,37 €/Kg)",
        "img": "https://www.alcampo.es/media/h6c/hd1/10826922623006.jpg",
        "tienda": "ALCAMPO"
    },
    {
        "titulo": "Tomate frito PRODUCTO ALCAMPO frasco de 560 g.",
        "precio": "0,99 €\n(1,76 €/Kg)",
        "img": "https://www.alcampo.es/media/heb/h52/9627321565214.jpg",
        "tienda": "ALCAMPO"
    },
    {
        "titulo": "Aceite de oliva virgen extra PRODUCTO ALCAMPO 1 l.",
        "precio": "5,59 €\n(5,59 €/Litro)",
        "img": "https://www.alcampo.es/media/h9b/hf4/11715035103262.jpg",
        "tienda": "ALCAMPO"
    },
    {
        "titulo": "Tomate frito estilo casero HIDA bote de 375 g.",
        "precio": "1,48 €\n(3,94 €/Kg)",
        "img": "https://www.alcampo.es/media/h2b/hf3/11945187737630.jpg",
        "tienda": "ALCAMPO"
    },
    {
        "titulo": "Aceite de girasol PRODUCTO ALCAMPO garrafa de 5 l",
        "precio": "8,95 €\n(1,79 €/Litro)",
        "img": "https://www.alcampo.es/media/h84/h38/11683861626910.jpg",
        "tienda": "ALCAMPO"
    },
    {
        "titulo": "Tomate frito ORLANDO brik de 350 g.",
        "precio": "0,98 €\n(2,80 €/Kg)",
        "img": "https://www.alcampo.es/media/h77/hbb/12031304007710.gif",
        "tienda": "ALCAMPO"
    },
    {
        "titulo": "Tomate frito con aceite de oliva PRODUCTO ALCAMPO 390 g.",
        "precio": "0,80 €\n(2,05 €/Kg)",
        "img": "https://www.alcampo.es/media/h6f/h67/10292659093534.jpg",
        "tienda": "ALCAMPO"
    },
    {
        "titulo": "Tomate frito ORLANDO 780 g.",
        "precio": "1,83 €\n(2,34 €/Kg)",
        "img": "https://www.alcampo.es/media/hce/h77/12031300534302.jpg",
        "tienda": "ALCAMPO"
    },
    {
        "titulo": "Tomate frito CELORRIO 560 g.",
        "precio": "1,09 €\n(1,94 €/Kg)",
        "img": "https://www.alcampo.es/media/hd1/h6f/9391605153822.jpg",
        "tienda": "ALCAMPO"
    },
    {
        "titulo": "Tomate frito SOLÍS brik de 350 g.",
        "precio": "0,87 €\n(2,48 €/Kg)",
        "img": "https://www.alcampo.es/media/h9a/h21/11077088608286.jpg",
        "tienda": "ALCAMPO"
    },
    {
        "titulo": "Mayonesa bocabajo PRODUCTO ALCAMPO bote de 300 ml.",
        "precio": "0,97 €\n(3,59 €/Kg)",
        "img": "https://www.alcampo.es/media/h7f/hf6/12015078015006.jpg",
        "tienda": "ALCAMPO"
    },
    {
        "titulo": "Sal fina PRODUCTO ALCAMPO 1 kg.",
        "precio": "0,29 €\n(0,29 €/Kg)",
        "img": "https://www.alcampo.es/media/h4d/h0e/9762355904542.jpg",
        "tienda": "ALCAMPO"
    },
    {
        "titulo": "Tomate frito SOLIS 3 x 200 g.",
        "precio": "1,61 €\n(2,68 €/Kg)",
        "img": "https://www.alcampo.es/media/h07/h62/11030422192158.jpg",
        "tienda": "ALCAMPO"
    },
    {
        "titulo": "Aceite de Girasol MASIASOL 1 l.",
        "precio": "3,13 €\n(3,13 €/Litro)",
        "img": "https://www.alcampo.es/media/h82/hc6/9406704320542.jpg",
        "tienda": "ALCAMPO"
    },
    {
        "titulo": "Sal yodada marina PRODUCTO ALCAMPO 1 kg.",
        "precio": "0,29 €\n(0,29 €/Kg)",
        "img": "https://www.alcampo.es/media/h79/h2b/9721446727710.jpg",
        "tienda": "ALCAMPO"
    },
    {
        "titulo": "Aceite de oliva intenso PRODUCTO ALCAMPO botella de 1 l.",
        "precio": "4,76 €\n(4,76 €/Litro)",
        "img": "https://www.alcampo.es/media/h65/h48/11972740644894.jpg",
        "tienda": "ALCAMPO"
    },
    {
        "titulo": "Ketchup PRODUCTO ALCAMPO 560 g.",
        "precio": "1,20 €\n(2,14 €/Kg)",
        "img": "https://www.alcampo.es/media/h2c/hcf/11877866504222.jpg",
        "tienda": "ALCAMPO"
    },
    {
        "titulo": "Vinagre de vino blanco PRODUCTO ECONÓMICO ALCAMPO botella de 1 l.",
        "precio": "0,55 €\n(0,55 €/Litro)",
        "img": "https://www.alcampo.es/media/hf0/h5d/11137829503006.jpg",
        "tienda": "ALCAMPO"
    },
    {
        "titulo": "Mayonesa clásica PRODUCTO ALCAMPO frasco de 450 ml.",
        "precio": "1,22 €\n(2,71 €/Litro)",
        "img": "https://www.alcampo.es/media/h57/h3a/12077405962270.jpg",
        "tienda": "ALCAMPO"
    },
    {
        "titulo": "Aceite de girasol KOIPESOL botella de 1 l.",
        "precio": "2,64 €\n(2,64 €/Litro)",
        "img": "https://www.alcampo.es/media/h73/h14/9823075696670.jpg",
        "tienda": "ALCAMPO"
    },
    {
        "titulo": "Ajo granulado PRODUCTO ALCAMPO 57 g.",
        "precio": "0,58 €",
        "img": "https://www.alcampo.es/media/h0b/h5c/11705699205150.jpg",
        "tienda": "ALCAMPO"
    },
    {
        "titulo": "Aceite de oliva suave CARBONELL 1 l.",
        "precio": "6,18 €\n(6,18 €/Litro)",
        "img": "https://www.alcampo.es/media/hb8/h6f/11324474884126.jpg",
        "tienda": "ALCAMPO"
    },
    {
        "titulo": "Tomate frito HIDA frasco de 350 g.",
        "precio": "1,51 €\n(4,31 €/Kg)",
        "img": "https://www.alcampo.es/media/ha8/h5d/11911457832990.jpg",
        "tienda": "ALCAMPO"
    },
    {
        "titulo": "Tomate frito SOLÍS frasco de 360 g.",
        "precio": "1,43 €\n(3,97 €/Kg)",
        "img": "https://www.alcampo.es/media/hc8/hcf/11077090344990.jpg",
        "tienda": "ALCAMPO"
    },
    {
        "titulo": "Mayonesa bocabajo YBARRA 400 ml.",
        "precio": "1,79 €\n(4,47 €/Litro)",
        "img": "https://www.alcampo.es/media/hcb/h3c/12015078899742.jpg",
        "tienda": "ALCAMPO"
    },
    {
        "titulo": "Tomate frito SOLIS frasco de 470 g.",
        "precio": "1 €\n(2,12 €/Kg)",
        "img": "https://www.alcampo.es/media/h43/hbb/11753852895262.jpg",
        "tienda": "ALCAMPO"
    },
    {
        "titulo": "Ketchup HEINZ 460 g,",
        "precio": "3,28 €\n(7,13 €/Kg)",
        "img": "https://www.alcampo.es/media/hee/hbe/11523419406366.jpg",
        "tienda": "ALCAMPO"
    },
    {
        "titulo": "Orégano PRODUCTO ALCAMPO 12 g",
        "precio": "0,40 €",
        "img": "https://www.alcampo.es/media/h75/hc5/11705708183582.jpg",
        "tienda": "ALCAMPO"
    },
    {
        "titulo": "Aceite de Oliva Suave MASÍA Botella 1 l",
        "precio": "5,52 €\n(5,52 €/Litro)",
        "img": "https://www.alcampo.es/media/ha3/h28/9406758486046.jpg",
        "tienda": "ALCAMPO"
    },
    {
        "titulo": "Salsa Pesto a base de albahaca GALLO 190 g",
        "precio": "2,40 €\n(12,63 €/Kg)",
        "img": "https://www.alcampo.es/media/h64/h08/11048958066718.jpg",
        "tienda": "ALCAMPO"
    },
    {
        "titulo": "Mayonesa HELLMANN'S 440 +10 ml.",
        "precio": "3,85 €\n(8,55 €/Litro)",
        "img": "https://www.alcampo.es/media/h47/h39/10935625908254.jpg",
        "tienda": "ALCAMPO"
    },
    {
        "titulo": "Sal gruesa marina PRODUCTO ALCAMPO 1 kg.",
        "precio": "0,29 €\n(0,29 €/Kg)",
        "img": "https://www.alcampo.es/media/he0/ha4/9775644475422.jpg",
        "tienda": "ALCAMPO"
    },
    {
        "titulo": "Tomate frito PRODUCTO ALCAMPO frasco de 350 g.",
        "precio": "0,76 €\n(2,17 €/Kg)",
        "img": "https://www.alcampo.es/media/hdb/h0e/9627346599966.jpg",
        "tienda": "ALCAMPO"
    },
    {
        "titulo": "Tomate frito CARRETILLA brik de 390 g.",
        "precio": "0,66 €\n(1,69 €/Kg)",
        "img": "https://www.alcampo.es/media/hc6/h42/11653986418718.jpg",
        "tienda": "ALCAMPO"
    },
    {
        "titulo": "Mayonesa formato bocabajo HELLMANN'S bote de 430 ml.",
        "precio": "3,64 €\n(8,46 €/Litro)",
        "img": "https://www.alcampo.es/media/h6e/h1d/9229206421534.jpg",
        "tienda": "ALCAMPO"
    },
    {
        "titulo": "Ketchup PRODUCTO ALCAMPO 340 g.",
        "precio": "0,75 €\n(2,20 €/Kg)",
        "img": "https://www.alcampo.es/media/hbb/ha7/11270022168606.jpg",
        "tienda": "ALCAMPO"
    },
    {
        "titulo": "Aceite de oliva suave PRODUCTO ALCAMPO garrafa de 5 l.",
        "precio": "23,60 €\n(4,72 €/Litro)",
        "img": "https://www.alcampo.es/media/h60/h85/11972740251678.jpg",
        "tienda": "ALCAMPO"
    },
    {
        "titulo": "Aceite de oliva virgen extra LA ESPAÑOLA garrafa de 5 l.",
        "precio": "32,99 €\n(6,59 €/Litro)",
        "img": "https://www.alcampo.es/media/hed/h5d/11484037840926.jpg",
        "tienda": "ALCAMPO"
    },
    {
        "titulo": "Ketchup HEINZ 250 g.",
        "precio": "2,04 €\n(8,16 €/Kg)",
        "img": "https://www.alcampo.es/media/he2/hce/11405409976350.jpg",
        "tienda": "ALCAMPO"
    },
    {
        "titulo": "Tomate frito con aceite de oliva virgen extra ORLANDO brik de 3 uds x 212 g.",
        "precio": "2,68 €\n(4,25 €/Kg)",
        "img": "https://www.alcampo.es/media/h8a/hb8/12031308791838.jpg",
        "tienda": "ALCAMPO"
    },
    {
        "titulo": "Vinagre de manzana PRODUCTO ALCAMPO 1l.",
        "precio": "0,69 €\n(0,69 €/Litro)",
        "img": "https://www.alcampo.es/media/h24/h0a/9573467127838.jpg",
        "tienda": "ALCAMPO"
    },
    {
        "titulo": "Salsa mayonesa HELLMANN'S frasco de 825 ml.",
        "precio": "5,44 €\n(6,59 €/Litro)",
        "img": "https://www.alcampo.es/media/h9c/h63/11668750565406.jpg",
        "tienda": "ALCAMPO"
    },
    {
        "titulo": "Tomate frito 0,0, sin sal y sin azúcar añadidos ORLANDO brik de 350 g.",
        "precio": "1,32 €\n(3,77 €/Kg)",
        "img": "https://www.alcampo.es/media/hce/h6a/11087284437022.jpg",
        "tienda": "ALCAMPO"
    },
    {
        "titulo": "CREMA BALSÁMICA CONDIS MÓDENA 280 ML",
        "precio": "2,15",
        "img": "https://static.condisline.com/resize_190x200/images/catalog/large/170464.jpg",
        "tienda": "CONDIS"
    },
    {
        "titulo": "ACEITE VIRGEN EXTRA EL TROS ARBEQUINA 1 L",
        "precio": "6,97",
        "img": "https://static.condisline.com/resize_190x200/images/catalog/large/110447.jpg",
        "tienda": "CONDIS"
    },
    {
        "titulo": "ACEITE DE OLIVA BORGES GUSTO SUAVE 1 L",
        "precio": "6,19",
        "img": "https://static.condisline.com/resize_190x200/images/catalog/large/102040.jpg",
        "tienda": "CONDIS"
    },
    {
        "titulo": "ACEITE BORGESOL GIRASOL 1 L",
        "precio": "2,55",
        "img": "https://static.condisline.com/resize_190x200/images/catalog/large/102045.jpg",
        "tienda": "CONDIS"
    },
    {
        "titulo": "ACEITE DE OLIVA BORGES GUSTO INTENSO 1 L",
        "precio": "6,19",
        "img": "https://static.condisline.com/resize_190x200/images/catalog/large/102012.jpg",
        "tienda": "CONDIS"
    },
    {
        "titulo": "ACEITE DE OLIVA CARBONELL VIRGEN EXTRA TRIANGULAR 1 L",
        "precio": "7,99",
        "img": "https://static.condisline.com/resize_190x200/images/catalog/large/102073.jpg",
        "tienda": "CONDIS"
    },
    {
        "titulo": "VINAGRE BORGES DE JEREZ 250 ML",
        "precio": "1,69",
        "img": "https://static.condisline.com/resize_190x200/images/catalog/large/111008.jpg",
        "tienda": "CONDIS"
    },
    {
        "titulo": "ACEITE DE OLIVA GERMANOR VIRGEN EXTRA ARBEQUINA 750 ML",
        "precio": "6,89",
        "img": "https://static.condisline.com/resize_190x200/images/catalog/large/102096.jpg",
        "tienda": "CONDIS"
    },
    {
        "titulo": "ACEITE OLIVA FLOR DE OLIVO VIRGEN EXTRA CRISTAL 500 ML",
        "precio": "3,95",
        "img": "https://static.condisline.com/resize_190x200/images/catalog/large/102245.jpg",
        "tienda": "CONDIS"
    },
    {
        "titulo": "ACEITE DE OLIVA CONDIS SUAVE 1 L",
        "precio": "4,77",
        "img": "https://static.condisline.com/resize_190x200/images/catalog/large/102222.jpg",
        "tienda": "CONDIS"
    },
    {
        "titulo": "ACEITE CONDIS GIRASOL 1 L",
        "precio": "1,95",
        "img": "https://static.condisline.com/resize_190x200/images/catalog/large/102016.jpg",
        "tienda": "CONDIS"
    },
    {
        "titulo": "ACEITE DE OLIVA CONDIS INTENSO 1 L",
        "precio": "4,77",
        "img": "https://static.condisline.com/resize_190x200/images/catalog/large/102223.jpg",
        "tienda": "CONDIS"
    },
    {
        "titulo": "ACEITE DE OLIVA CARBONELL 0.4 GRADOS 1 L",
        "precio": "7,15",
        "img": "https://static.condisline.com/resize_190x200/images/catalog/large/102081.jpg",
        "tienda": "CONDIS"
    },
    {
        "titulo": "ACEITE HC VIRGEN EXTRA 1 L",
        "precio": "5,99",
        "img": "https://static.condisline.com/resize_190x200/images/catalog/large/102226.jpg",
        "tienda": "CONDIS"
    },
    {
        "titulo": "VINAGRE CONDIS BLANCO 1 L",
        "precio": "0,62",
        "img": "https://static.condisline.com/resize_190x200/images/catalog/large/111018.jpg",
        "tienda": "CONDIS"
    },
    {
        "titulo": "SALSA FLORETTE MÓDENA Y MIEL 250 ML",
        "precio": "2,25",
        "img": "https://static.condisline.com/resize_190x200/images/catalog/large/194183.jpg",
        "tienda": "CONDIS"
    },
    {
        "titulo": "ACEITE CONDIS OLIVA SUAVE 3 L",
        "precio": "14,18",
        "img": "https://static.condisline.com/resize_190x200/images/catalog/large/102219.jpg",
        "tienda": "CONDIS"
    },
    {
        "titulo": "ACEITE DE OLIVA BORGES VIRGEN EXTRA ARBEQUINA 75 CL",
        "precio": "5,99",
        "img": "https://static.condisline.com/resize_190x200/images/catalog/large/102003.jpg",
        "tienda": "CONDIS"
    },
    {
        "titulo": "ACEITE DE OLIVA BORGES VIRGEN EXTRA 1 L",
        "precio": "7,15",
        "img": "https://static.condisline.com/resize_190x200/images/catalog/large/102162.jpg",
        "tienda": "CONDIS"
    },
    {
        "titulo": "ACEITE BORGES VIRGEN EXTRA 2 L",
        "precio": "13,35",
        "img": "https://static.condisline.com/resize_190x200/images/catalog/large/102255.jpg",
        "tienda": "CONDIS"
    },
    {
        "titulo": "ACEITE CARBONELL VIRGEN EXTRA SPRAY 200 ML",
        "precio": "2,89",
        "img": "https://static.condisline.com/resize_190x200/images/catalog/large/102240.jpg",
        "tienda": "CONDIS"
    },
    {
        "titulo": "ACEITE HC VIRGEN EXTRA 3 L",
        "precio": "17,95",
        "img": "https://static.condisline.com/resize_190x200/images/catalog/large/102220.jpg",
        "tienda": "CONDIS"
    },
    {
        "titulo": "VINAGRE BORGES MÓDENA 500 ML",
        "precio": "3,59",
        "img": "https://static.condisline.com/resize_190x200/images/catalog/large/111045.jpg",
        "tienda": "CONDIS"
    },
    {
        "titulo": "ACEITE DE OLIVA BORGES VIRGEN EXTRA ARBEQUINA 3 L",
        "precio": "22,85",
        "img": "https://static.condisline.com/resize_190x200/images/catalog/large/102098.jpg",
        "tienda": "CONDIS"
    },
    {
        "titulo": "VINAGRE CONDIS BLANCO 50 CL",
        "precio": "0,49",
        "img": "https://static.condisline.com/resize_190x200/images/catalog/large/111017.jpg",
        "tienda": "CONDIS"
    },
    {
        "titulo": "VINAGRE CONDIS BALSÁMICO DE MÓDENA 250 ML",
        "precio": "1,25",
        "img": "https://static.condisline.com/resize_190x200/images/catalog/large/111038.jpg",
        "tienda": "CONDIS"
    },
    {
        "titulo": "ACEITE BORGESOL GIRASOL 2 L",
        "precio": "5,55",
        "img": "https://static.condisline.com/resize_190x200/images/catalog/large/102019.jpg",
        "tienda": "CONDIS"
    },
    {
        "titulo": "CREMA BORGES BALSÁMICO DE MÓDENA 250 G",
        "precio": "3,29",
        "img": "https://static.condisline.com/resize_190x200/images/catalog/large/111041.jpg",
        "tienda": "CONDIS"
    },
    {
        "titulo": "ACEITE DE OLIVA CARBONELL VIRGEN EXTRA GRAN SELECCIÓN 75 CL",
        "precio": "6,75",
        "img": "https://static.condisline.com/resize_190x200/images/catalog/large/102090.jpg",
        "tienda": "CONDIS"
    },
    {
        "titulo": "VINAGRE CONDIS SIDRA 75 CL",
        "precio": "1,25",
        "img": "https://static.condisline.com/resize_190x200/images/catalog/large/111033.jpg",
        "tienda": "CONDIS"
    },
    {
        "titulo": "VINAGRE CONDIS NEGRO 1 L",
        "precio": "0,75",
        "img": "https://static.condisline.com/resize_190x200/images/catalog/large/111019.jpg",
        "tienda": "CONDIS"
    },
    {
        "titulo": "ACEITE GERMANOR VIRGEN EXTRA 2 L",
        "precio": "17,35",
        "img": "https://static.condisline.com/resize_190x200/images/catalog/large/102258.jpg",
        "tienda": "CONDIS"
    },
    {
        "titulo": "ACEITE BORGES CON PIMIENTA DE CAYENA Y ESPECIAS 200 ML",
        "precio": "3,79",
        "img": "https://static.condisline.com/resize_190x200/images/catalog/large/102236.jpg",
        "tienda": "CONDIS"
    },
    {
        "titulo": "ACEITE FONTASOL GIRASOL 1 L",
        "precio": "2,45",
        "img": "https://static.condisline.com/resize_190x200/images/catalog/large/102208.jpg",
        "tienda": "CONDIS"
    },
    {
        "titulo": "ACEITE HC VIRGEN EXTRA 750 ML",
        "precio": "5,49",
        "img": "https://static.condisline.com/resize_190x200/images/catalog/large/102221.jpg",
        "tienda": "CONDIS"
    },
    {
        "titulo": "ACEITE CARBONELL OLIVA 0.4º 3 L",
        "precio": "20,95",
        "img": "https://static.condisline.com/resize_190x200/images/catalog/large/102079.jpg",
        "tienda": "CONDIS"
    },
    {
        "titulo": "VINAGRE BORGES BLANCO 1 L",
        "precio": "1,09",
        "img": "https://static.condisline.com/resize_190x200/images/catalog/large/111081.jpg",
        "tienda": "CONDIS"
    },
    {
        "titulo": "ACEITE OLIVA CARBONELL SABOR 1 L",
        "precio": "7,15",
        "img": "https://static.condisline.com/resize_190x200/images/catalog/large/102106.jpg",
        "tienda": "CONDIS"
    },
    {
        "titulo": "SALSA FLORETTE CESAR 250 ML",
        "precio": "2,25",
        "img": "https://static.condisline.com/resize_190x200/images/catalog/large/194174.jpg",
        "tienda": "CONDIS"
    },
    {
        "titulo": "ACEITE DE OLIVA HOJIBLANCA VIRGEN EXTRA 1 L",
        "precio": "8,89",
        "img": "https://static.condisline.com/resize_190x200/images/catalog/large/720090.jpg",
        "tienda": "CONDIS"
    },
    {
        "titulo": "VINAGRE BORGES MÓDENA 250 ML",
        "precio": "2,19",
        "img": "https://static.condisline.com/resize_190x200/images/catalog/large/111006.jpg",
        "tienda": "CONDIS"
    },
    {
        "titulo": "ACEITE DE OLIVA MANOLETE AFRUTADO 2 L",
        "precio": "11,39",
        "img": "https://static.condisline.com/resize_190x200/images/catalog/large/102028.jpg",
        "tienda": "CONDIS"
    },
    {
        "titulo": "ACEITE SOLEADA SUAVE 0.4º 1 L",
        "precio": "6,90",
        "img": "https://static.condisline.com/resize_190x200/images/catalog/large/102211.jpg",
        "tienda": "CONDIS"
    },
    {
        "titulo": "ACEITE BORGES ALBAHACA FRESCA 200 ML",
        "precio": "3,79",
        "img": "https://static.condisline.com/resize_190x200/images/catalog/large/102091.jpg",
        "tienda": "CONDIS"
    },
    {
        "titulo": "ACEITE KOIPESOL GIRASOL 1 L",
        "precio": "2,75",
        "img": "https://static.condisline.com/resize_190x200/images/catalog/large/102408.jpg",
        "tienda": "CONDIS"
    },
    {
        "titulo": "ACEITE DE OLIVA BORGES VIRGEN EXTRA ECOLÓGICO 1 L",
        "precio": "7,45",
        "img": "https://static.condisline.com/resize_190x200/images/catalog/large/102235.jpg",
        "tienda": "CONDIS"
    },
    {
        "titulo": "ACEITE OLIVA FLOR DE OLIVO VIRGEN EXTRA 1 L",
        "precio": "7,49",
        "img": "https://static.condisline.com/resize_190x200/images/catalog/large/102243.jpg",
        "tienda": "CONDIS"
    },
    {
        "titulo": "ACEITE KOIPESOL GIRASOL 3 L",
        "precio": "8,09",
        "img": "https://static.condisline.com/resize_190x200/images/catalog/large/102138.jpg",
        "tienda": "CONDIS"
    },
    {
        "titulo": "ACEITE FONTASOL GIRASOL 5 L",
        "precio": "8,95",
        "img": "https://static.condisline.com/resize_190x200/images/catalog/large/102257.jpg",
        "tienda": "CONDIS"
    },
    {
        "titulo": "ACEITE OLEAURUM VIRGEN EXTRA D.O. SIURANA 750 ML",
        "precio": "9,73",
        "img": "https://static.condisline.com/resize_190x200/images/catalog/large/102131.jpg",
        "tienda": "CONDIS"
    },
    {
        "titulo": "ACEITE DE OLIVA COOSUR VIRGEN EXTRA PICUAL 1 L",
        "precio": "8,69",
        "img": "https://static.condisline.com/resize_190x200/images/catalog/large/813112.jpg",
        "tienda": "CONDIS"
    },
    {
        "titulo": "ACEITE HC VIRGEN ARBEQUINA 750 ML",
        "precio": "5,69",
        "img": "https://static.condisline.com/resize_190x200/images/catalog/large/102225.jpg",
        "tienda": "CONDIS"
    },
    {
        "titulo": "ACEITE DE OLIVA BARGALLÓ VIRGEN EXTRA COUPAGE 750 ML",
        "precio": "7,79",
        "img": "https://static.condisline.com/resize_190x200/images/catalog/large/102164.jpg",
        "tienda": "CONDIS"
    },
    {
        "titulo": "ACEITE EL TROS FUSSION PIZZAS 250 ML",
        "precio": "3,30",
        "img": "https://static.condisline.com/resize_190x200/images/catalog/large/110461.jpg",
        "tienda": "CONDIS"
    },
    {
        "titulo": "AC. GIRASOL FONTASOL ESP. FREIR 1 L",
        "precio": "3,45",
        "img": "https://static.condisline.com/resize_190x200/images/catalog/large/102246.jpg",
        "tienda": "CONDIS"
    },
    {
        "titulo": "ACEITE VIRGEN EXTRA EL TROS ARBEQUINA 2 L",
        "precio": "14,39",
        "img": "https://static.condisline.com/resize_190x200/images/catalog/large/110452.jpg",
        "tienda": "CONDIS"
    },
    {
        "titulo": "ACEITE DE OLIVA COOSUR VIRGEN EXTRA HOJIBLANCA 1 L",
        "precio": "8,69",
        "img": "https://static.condisline.com/resize_190x200/images/catalog/large/813113.jpg",
        "tienda": "CONDIS"
    },
    {
        "titulo": "ACEITE LA ESPAÑOLA MONODOSIS 5 UNIDADES",
        "precio": "1,69",
        "img": "https://static.condisline.com/resize_190x200/images/catalog/large/102203.jpg",
        "tienda": "CONDIS"
    },
    {
        "titulo": "ACEITE SOLEADA INTENSO 1º 1 L",
        "precio": "6,90",
        "img": "https://static.condisline.com/resize_190x200/images/catalog/large/102212.jpg",
        "tienda": "CONDIS"
    },
    {
        "titulo": "CREMA BORGES BALSÁMICA FRAMBUESA 250 G",
        "precio": "3,29",
        "img": "https://static.condisline.com/resize_190x200/images/catalog/large/111043.jpg",
        "tienda": "CONDIS"
    },
    {
        "titulo": "ACEITE VIRGEN EXTRA EL TROS ESENCIA BOLETUS 250 ML",
        "precio": "3,45",
        "img": "https://static.condisline.com/resize_190x200/images/catalog/large/110449.jpg",
        "tienda": "CONDIS"
    },
    {
        "titulo": "ACEITE VIRGEN HOJIBLANCA ODA BLEND Nº7 500 ML",
        "precio": "5,45",
        "img": "https://static.condisline.com/resize_190x200/images/catalog/large/720008.jpg",
        "tienda": "CONDIS"
    },
    {
        "titulo": "ACEITE OLIVA K QUE SI ECO VIRGEN EXTRA 500 ML",
        "precio": "6,75",
        "img": "https://static.condisline.com/resize_190x200/images/catalog/large/102254.jpg",
        "tienda": "CONDIS"
    },
    {
        "titulo": "VINAGRE BADIA ECOLOGICO 500 ML",
        "precio": "2,99",
        "img": "https://static.condisline.com/resize_190x200/images/catalog/large/111088.jpg",
        "tienda": "CONDIS"
    },
    {
        "titulo": "ACEITE DE OLIVA BARGALLÓ VIRGEN EXTRA ARBEQUINA 750 ML",
        "precio": "7,79",
        "img": "https://static.condisline.com/resize_190x200/images/catalog/large/102166.jpg",
        "tienda": "CONDIS"
    },
    {
        "titulo": "ACEITE VIRGEN EXTRA EL TROS ESENCIA TRUFA 250 ML",
        "precio": "3,45",
        "img": "https://static.condisline.com/resize_190x200/images/catalog/large/110451.jpg",
        "tienda": "CONDIS"
    },
    {
        "titulo": "ACEITE VIRGEN EXTRA EL TROS ARBEQUINA 500 ML",
        "precio": "4,75",
        "img": "https://static.condisline.com/resize_190x200/images/catalog/large/110448.jpg",
        "tienda": "CONDIS"
    },
    {
        "titulo": "ACEITE COOSOL SEMILLAS 1 L",
        "precio": "2,59",
        "img": "https://static.condisline.com/resize_190x200/images/catalog/large/102263.jpg",
        "tienda": "CONDIS"
    },
    {
        "titulo": "CREMA BALSÁMICA BORGES TRUFA 250 ML",
        "precio": "3,19",
        "img": "https://static.condisline.com/resize_190x200/images/catalog/large/111090.jpg",
        "tienda": "CONDIS"
    }
]